<record><leader>00000cas a22000007a 4500</leader><controlfield tag="001">31615643</controlfield><controlfield tag="008">941205d19121914azuwr ne      0    0eng d</controlfield><datafield ind1=" " ind2=" " tag="010"><subfield code="a">sn 94051701 </subfield></datafield><datafield ind1=" " ind2=" " tag="040"><subfield code="a">CNK</subfield><subfield code="b">eng</subfield><subfield code="c">CNK</subfield><subfield code="d">ANN</subfield><subfield code="d">OCL</subfield><subfield code="d">ANN</subfield><subfield code="d">OCLCQ</subfield><subfield code="d">OCLCF</subfield><subfield code="d">OCLCO</subfield></datafield><datafield ind1="1" ind2=" " tag="029"><subfield code="a">AU@</subfield><subfield code="b">000011427448</subfield></datafield><datafield ind1=" " ind2=" " tag="042"><subfield code="a">msc</subfield></datafield><datafield ind1=" " ind2=" " tag="043"><subfield code="a">n-us-az</subfield></datafield><datafield ind1="0" ind2="4" tag="245"><subfield code="a">The Jerome news and copper belt.</subfield></datafield><datafield ind1="1" ind2="3" tag="246"><subfield code="a">Jerome mining news</subfield></datafield><datafield ind1=" " ind2=" " tag="260"><subfield code="a">Jerome, Yavapai County, Ariz. :</subfield><subfield code="b">W.S. Adams,</subfield><subfield code="c">1912-1914.</subfield></datafield><datafield ind1=" " ind2=" " tag="300"><subfield code="a">v. :</subfield><subfield code="b">ill.</subfield></datafield><datafield ind1=" " ind2=" " tag="310"><subfield code="a">Weekly</subfield></datafield><datafield ind1="0" ind2=" " tag="362"><subfield code="a">Whole no. 881 (Aug. 24, 1912)-whole no. 961 (Feb. 28, 1914).</subfield></datafield><datafield ind1=" " ind2=" " tag="515"><subfield code="a">Issue dated Nov. 1, 1912 (Whole no. 944) should be Nov. 1, 1913: issue dated Dec. 21, 1913 (Whole no. 899) should be Dec. 21, 1912.</subfield></datafield><datafield ind1=" " ind2=" " tag="525"><subfield code="a">Supplements accompany some issues.</subfield></datafield><datafield ind1=" " ind2=" " tag="580"><subfield code="a">Merger of: Jerome news (Jerome, Ariz. : 1906), and: Jerome copper belt.</subfield></datafield><datafield ind1=" " ind2="0" tag="650"><subfield code="a">Mines and mineral resources</subfield><subfield code="z">Arizona</subfield><subfield code="v">Newspapers.</subfield></datafield><datafield ind1=" " ind2="0" tag="651"><subfield code="a">Jerome (Ariz.)</subfield><subfield code="v">Newspapers.</subfield></datafield><datafield ind1=" " ind2="0" tag="651"><subfield code="a">Yavapai County (Ariz.)</subfield><subfield code="v">Newspapers.</subfield></datafield><datafield ind1=" " ind2="7" tag="655"><subfield code="a">Newspapers.</subfield><subfield code="2">fast</subfield><subfield code="0">(OCoLC)fst01423814</subfield></datafield><datafield ind1=" " ind2="7" tag="650"><subfield code="a">Mines and mineral resources.</subfield><subfield code="2">fast</subfield><subfield code="0">(OCoLC)fst01022541</subfield></datafield><datafield ind1=" " ind2="7" tag="651"><subfield code="a">Arizona.</subfield><subfield code="2">fast</subfield><subfield code="0">(OCoLC)fst01204820</subfield></datafield><datafield ind1=" " ind2="7" tag="651"><subfield code="a">Arizona</subfield><subfield code="z">Jerome.</subfield><subfield code="2">fast</subfield><subfield code="0">(OCoLC)fst01233710</subfield></datafield><datafield ind1=" " ind2="7" tag="651"><subfield code="a">Arizona</subfield><subfield code="z">Yavapai County.</subfield><subfield code="2">fast</subfield><subfield code="0">(OCoLC)fst01217120</subfield></datafield><datafield ind1=" " ind2=" " tag="752"><subfield code="a">United States</subfield><subfield code="b">Arizona</subfield><subfield code="c">Yavapai</subfield><subfield code="d">Jerome.</subfield></datafield><datafield ind1="1" ind2="4" tag="780"><subfield code="t">Jerome news (Jerome, Ariz. : 1906)</subfield><subfield code="w">(DLC)sn 96060501</subfield><subfield code="w">(OCoLC)34580727</subfield></datafield><datafield ind1="1" ind2="4" tag="780"><subfield code="t">Jerome copper belt</subfield><subfield code="w">(DLC)sn 95060516</subfield></datafield><datafield ind1="0" ind2="0" tag="785"><subfield code="t">Jerome news (Jerome, Ariz. : 1914)</subfield><subfield code="w">(DLC)sn 94051756</subfield></datafield></record>